@inproceedings{wadlermonads,
 author = {Philip Wadler},
 title = {Comprehending monads},
 booktitle = {LFP '90: Proceedings of the 1990 ACM conference on LISP and functional programming},
 year = {1990},
 isbn = {0-89791-368-X},
 pages = {61--78},
 location = {Nice, France},
 doi = {http://doi.acm.org/10.1145/91556.91592},
 publisher = {ACM},
 address = {New York, NY, USA},
 }

@article{parser-combinators,
        author = "Graham Hutton and Erik Meijer",
        title = "{Monadic Parsing in Haskell}",
        journal = "Journal of Functional Programming",
        publisher = "Cambridge University Press",
        volume = 8,
        number = 4,
        month = jul,
        year = 1998,
        pages = "437--444"}

@inproceedings{pureshirt,
 author = {Ravi Nanavati},
 title = {Experience report: a pure shirt fits},
 booktitle = {ICFP '08: Proceeding of the 13th ACM SIGPLAN international conference on Functional programming},
 year = {2008},
 isbn = {978-1-59593-919-7},
 pages = {347--352},
 location = {Victoria, BC, Canada},
 doi = {http://doi.acm.org/10.1145/1411204.1411252},
 publisher = {ACM},
 address = {New York, NY, USA},
 }

@manual{
    TFRG,
    title = {Bluespec SystemVerilog Reference Guide},
    note = "Please consult http://www.bluespec.com",
    author = {{Bluespec, Inc.}},
    year = 2008
}

@misc{scheme-monads,
  author = {Oleg Kiselyov},
  title = {Monadic Programming in Scheme},
  url = {http://okmij.org/ftp/Scheme/monad-in-Scheme.html},
  year = 2005
}

@misc{clojure-monads1,
  author = {Konrad Hinsen},
  title = {A monad implementation for {Clojure}},
  url = {http://clojure.googlegroups.com/web/monads.clj},
  year = 2008
}

@misc{clojure-monads2,
  author = {Konrad Hinsen},
  title = {Monads in {Clojure}},
  url = {http://code.google.com/p/clojure-contrib/source/browse/trunk/src/clojure/contrib/monads.clj},
  year = 2009
}

@misc{all-about-monads,
  author = {Jeff Newbern},
  title = {All About Monads},
  url = {http://www.haskell.org/all_about_monads/html/index.html},
  year = 2003
}

@misc{thih,
  author = {Mark P. Jones},
  title = {Typing {Haskell} in {Haskell}},
  howpublished = {In Haskell Workshop},
  month = {September},
  year = {1999}}

@inproceedings{fundeps,
  author = {Mark P. Jones},
  title = {Type {Classes} with {Functional} {Dependencies}},
  booktitle = {Proceedings of the 9th European Symposium on Programming, ESOP 2000},
  year = {2000},
  pages = {230--244},
}

@misc{hair-shirt,
  author = {Simon {Peyton~Jones}},
  howpublished = {Invited talk at 30th ACM Symposium on Principles of Programming Languages},
  title = {Wearing the hair shirt: a retrospective on {Haskell}},
  year = {2003}}


@misc{ocaml-monads,
  author = {Jacques Carette and Lydia E. van Dijk and Oleg Kiselyov},
  title = {Syntax extension for {Monads} in {Ocaml}},
  month = {August},
  year  = {2007},
  url = {http://www.cas.mcmaster.ca/~carette/pa_monad/}
}

@ARTICLE{TRS,
        AUTHOR = {James C. Hoe and Arvind},
        TITLE = {{Operation-Centric Hardware Description and Synthesis}},
        JOURNAL = {{IEEE Transactions on Computer-Aided Design of Integrated Circuits and Systems}},
        VOLUME = {23},
        NUMBER = {9},
        MONTH = {September},
        YEAR = {2004}
}

@article{context-switching,
  author = {Johanna Rothman},
  title = {Changing {Minds} about {Context} {Switching}},
  journal = {Better Software},
  volume = {7},
  number = {9},
  month = {November},
  year = {2005}
}


@article{cufp-2004,
  author = {Andrew Moran},
  title = {Functional {Programming} in the {Real} {World}},
  journal = {ACM SIGPLAN Notices},
  volume = {39},
  number = {12},
  month = {December},
  year = {2004},
  pages = {17--20}
}

@inproceedings{st-monad,
    author = {John Launchbury and Simon Peyton Jones},
    title = {Lazy Functional State Threads},
    booktitle = {{SIGPLAN} Conference on Programming Language Design and Implementation},
    pages = {24-35},
    year = {1994}
}

@inproceedings{DamasMilner82,
  author    = {Lu\'{\i}s Damas and
               Robin Milner},
  title     = {Principal Type-Schemes for Functional Programs},
  booktitle = {Proceedings of the 9th ACM SIGPLAN-SIGACT symposium on Principles of Programming Languages},
  year      = {1982},
  pages     = {207-212}
}

@inproceedings{awkward-squad,
  author    = {Simon {Peyton~Jones}},
  title     = {Tackling the awkward squad: monadic input/output, concurrency, exceptions, and foreign-language calls in Haskell},
  booktitle = {Engineering theories of software construction},
  year      = {2001},
  isbn      = {1-58603-1724},
  pages     = {47--96},
  publisher = {IOS Press}
}

@inproceedings{moggi-monads,
 author = {Eugenio Moggi},
 title = {Computational lambda-calculus and monads},
 booktitle = {Proceedings of the Fourth Annual Symposium on Logic in computer science},
 year = {1989},
 isbn = {0-8186-1954-6},
 pages = {14--23},
 location = {Pacific Grove, California, United States},
 publisher = {IEEE Press},
 address = {Piscataway, NJ, USA},
 }


@article{haskell98,
  author  = {Simon {Peyton~Jones}},
  title   = {Haskell 98 Language and Libraries: The Revised Report},
  journal = {Journal of Functional Programming},
  volume  = {13},
  number  = {01},
  year    = {2003}
}

@inproceedings{modular-interpreters,
  author = {Liang,, Sheng and Hudak,, Paul and Jones,, Mark},
  title = {Monad transformers and modular interpreters},
  booktitle = {POPL '95: Proceedings of the 22nd ACM SIGPLAN-SIGACT symposium on Principles of programming languages},
  year = {1995},
  isbn = {0-89791-692-1},
  pages = {333--343},
  location = {San Francisco, California, United States},
  doi = {http://doi.acm.org/10.1145/199448.199528},
  publisher = {ACM},
  address = {New York, NY, USA}
}

@phdthesis{ semantic-lego,
Author = {David Espinosa},
Title = {Semantic Lego},
School = {Columbia University},
Year = {1995},
Type = {{PhD} in {Computer} {Science}},
url = "http://groups.csail.mit.edu/mac/users/dae/papers/thesis.ps.Z" }
}
